@article{gulliksen2004software,
  title={The software accessibility of human-computer interfacesâ€”ISO Technical Specification 16071},
  author={Gulliksen, Jan and Harker, Susan},
  journal={Universal Access in the Information Society},
  volume={3},
  number={1},
  pages={6--16},
  year={2004},
  publisher={Springer}
}
@inproceedings{kavcic2005software,
  title={Software accessibility: Recommendations and guidelines},
  author={Kavcic, A},
  booktitle={Computer as a Tool, 2005. EUROCON 2005. the International Conference on},
  volume={2},
  pages={1024--1027},
  year={2005},
  organization={IEEE}
}
@article{golden2002instructional,
  title={Instructional software accessibility: A status report.},
  author={Golden, Diane Cordry},
  journal={Journal of Special Education Technology},
  volume={17},
  number={1},
  pages={57--60},
  year={2002},
  publisher={ERIC}
}
@article{burgstahler2004software,
  title={Software Accessibility, usability testing and individuals with disabilities},
  author={Burgstahler, Sheryl and Jirikowic, Tracy and Kolko, Beth and Eliot, Matt},
  journal={Information, Technology and Disabilities},
  volume={1},
  number={2},
  year={2004}
}
@inproceedings{cohen2005accessibility,
  title={Accessibility in introductory computer science},
  author={Cohen, Robert F and Fairley, Alexander V and Gerry, David and Lima, Gustavo R},
  booktitle={ACM SIGCSE Bulletin},
  volume={37},
  number={1},
  pages={17--21},
  year={2005},
  organization={ACM}
}
@inproceedings{freire2005automatic,
  title={Automatic accessibility evaluation of dynamic web pages generated through XSLT},
  author={Freire, Andr{\'e} Pimenta and de Mattos Fortes, Renata Pontin},
  booktitle={Proceedings of the 2005 International Cross-Disciplinary Workshop on Web Accessibility (W4A)},
  pages={81--84},
  year={2005},
  organization={ACM}
}
@inproceedings{sierkowski2002achieving,
  title={Achieving web accessibility},
  author={Sierkowski, Brian},
  booktitle={Proceedings of the 30th annual ACM SIGUCCS conference on User services},
  pages={288--291},
  year={2002},
  organization={ACM}
}
@inproceedings{henbeta2012semi,
  title={Semi-automatically extracting FAQs to improve accessibility of software development knowledge},
  author={Hen, Stefan and Monperrus, Martin and Mezini, Mira},
  booktitle={Proceedings of the 34th International Conference on Software Engineering},
  pages={793--803},
  year={2012},
  organization={IEEE Press}
}
@inproceedings{hall2009web,
  title={Web presentation layer bootstrapping for accessibility and performance},
  author={Hall, Clint Andrew},
  booktitle={Proceedings of the 2009 International Cross-Disciplinary Conference on Web Accessibililty (W4A)},
  pages={67--74},
  year={2009},
  organization={ACM}
}
@article{hong2007evaluating,
  title={Evaluating government website accessibility: Software tool vs human experts},
  author={Hong, Soongoo and Katerattanakul, Pairin and Lee, Dae-hyung},
  journal={Management Research News},
  volume={31},
  number={1},
  pages={27--40},
  year={2007},
  publisher={Emerald Group Publishing Limited}
}
@book{paciello2000web,
  title={Web accessibility for people with disabilities},
  author={Paciello, Michael G},
  year={2000},
  publisher={CMP books}
}
@inproceedings{bierre2005game,
  title={Game not over: Accessibility issues in video games},
  author={Bierre, Kevin and Chetwynd, Jonathan and Ellis, Barrie and Hinn, D Michelle and Ludi, Stephanie and Westin, Thomas},
  booktitle={Proc. of the 3rd International Conference on Universal Access in Human-Computer Interaction},
  pages={22--27},
  year={2005}
}
@inproceedings{porter2013empirical,
  title={An empirical study of issues and barriers to mainstream video game accessibility},
  author={Porter, John R and Kientz, Julie A},
  booktitle={Proceedings of the 15th International ACM SIGACCESS Conference on Computers and Accessibility},
  pages={3},
  year={2013},
  organization={ACM}
}
@inproceedings{Jouhtimaki,
 author = {Jouhtim\"{a}ki, Juho and Kitunen, Suvi and Plaisted, Margaret and Rain\`{o}, P\"{a}ivi},
 title = {The Brave Little Troll: A Rhythmic Game for Deaf and Hard of Hearing Children},
 booktitle = {Proceedings of the 13th International MindTrek Conference: Everyday Life in the Ubiquitous Era},
 series = {MindTrek '09},
 year = {2009},
 isbn = {978-1-60558-633-5},
 location = {Tampere, Finland},
 pages = {212--212},
 numpages = {1},
 url = {http://doi.acm.org.ezproxy.falmouth.ac.uk/10.1145/1621841.1621880},
 doi = {10.1145/1621841.1621880},
 acmid = {1621880},
 publisher = {ACM},
 address = {New York, NY, USA},
 keywords = {deaf and hard of hearing, game design, learning disorders, learning game, rhythm learning},
} 
@inproceedings{Nanayakkara,
 author = {Nanayakkara, Suranga and Taylor, Elizabeth and Wyse, Lonce and Ong, S H.},
 title = {An Enhanced Musical Experience for the Deaf: Design and Evaluation of a Music Display and a Haptic Chair},
 booktitle = {Proceedings of the SIGCHI Conference on Human Factors in Computing Systems},
 series = {CHI '09},
 year = {2009},
 isbn = {978-1-60558-246-7},
 location = {Boston, MA, USA},
 pages = {337--346},
 numpages = {10},
 url = {http://doi.acm.org.ezproxy.falmouth.ac.uk/10.1145/1518701.1518756},
 doi = {10.1145/1518701.1518756},
 acmid = {1518756},
 publisher = {ACM},
 address = {New York, NY, USA},
 keywords = {assistive technology, deaf, haptic, music visualisation},
} 
@inproceedings{Mich,
 author = {Mich, Ornella},
 title = {E-drawings As an Evaluation Method with Deaf Children},
 booktitle = {The Proceedings of the 13th International ACM SIGACCESS Conference on Computers and Accessibility},
 series = {ASSETS '11},
 year = {2011},
 isbn = {978-1-4503-0920-2},
 location = {Dundee, Scotland, UK},
 pages = {239--240},
 numpages = {2},
 url = {http://doi.acm.org.ezproxy.falmouth.ac.uk/10.1145/2049536.2049586},
 doi = {10.1145/2049536.2049586},
 acmid = {2049586},
 publisher = {ACM},
 address = {New York, NY, USA},
 keywords = {deaf children, evaluation methods},
} 
% this should be misc and it should also have a notes field where last accessed is defined, see Ed's example on Slack
@inproceedings{game:beathazard,
    author        = "Cold Beam Games",
    title         = "Cold Beam Games Ltd",
    year          = "2010-2017",
    url           = "http://www.coldbeamgames.com/",
}
@inproceedings{game:symphony,
    author        = "Empty Clip Studios",
    title         = "Empty Clip Ltd",
    year          = "2012",
    note	= "Do whatever license",
    url           = "http://www.symphonygame.com/the-game/",
}
@inproceedings{game:audiosurf,
    author        = "AudioSurf",
    title         = "AudioSurf LLC",
    year          = "2010",
    url           = "http://www.audio-surf.com/",
}
@article{Grammenos:2009:DUA:1486508.1486516,
 author = {Grammenos, Dimitris and Savidis, Anthony and Stephanidis, Constantine},
 title = {Designing Universally Accessible Games},
 journal = {Comput. Entertain.},
 issue_date = {February 2009},
 volume = {7},
 number = {1},
 month = feb,
 year = {2009},
 issn = {1544-3574},
 pages = {8:1--8:29},
 articleno = {8},
 numpages = {29},
 url = {http://doi.acm.org.ezproxy.falmouth.ac.uk/10.1145/1486508.1486516},
 doi = {10.1145/1486508.1486516},
 acmid = {1486516},
 publisher = {ACM},
 address = {New York, NY, USA},
 keywords = {Design for all, accessible games, unified design, universal access},
} 
@inproceedings{Moreno,
 author = {Moreno, Giankaris and Castillo, Vanessa and Williams, Kaiser and Men{\'e}ndez, Nyder},
 title = {Characterization of Software Development Companies in Panama from Usability and Accessibility Approach (Extended Abstract)},
 booktitle = {Proceedings of the XVI International Conference on Human Computer Interaction},
 series = {Interacci '15},
 year = {2015},
 isbn = {978-1-4503-3463-1},
 location = {Vilanova i la Gelt, Spain},
 pages = {53:1--53:2},
 articleno = {53},
 numpages = {2},
 url = {http://doi.acm.org.ezproxy.falmouth.ac.uk/10.1145/2829875.2829924},
 doi = {10.1145/2829875.2829924},
 acmid = {2829924},
 publisher = {ACM},
 address = {New York, NY, USA},
 keywords = {Accessibility, Software Development Panama, Usability},
} 
@INPROCEEDINGS{Jones, 
 author={M. Jones and N. Bench and S. Ferons}, 
 booktitle={2014 2nd Workshop on Virtual and Augmented Assistive Technology (VAAT)}, 
 title={Vocabulary acquisition for deaf readers using augmented technology}, 
 year={2014}, 
 pages={13-15}, 
}
@INPROCEEDINGS{Coutinho, 
 author={F. Coutinho and R. O. Prates and L. Chaimowicz}, 
 booktitle={2011 Brazilian Symposium on Games and Digital Entertainment}, 
 title={An Analysis of Information Conveyed through Audio in an FPS Game and Its Impact on Deaf Players Experience}, 
 year={2011}, 
 pages={53-62}
}
@inproceedings{Gerling,
 author = {Gerling, Kathrin M. and Klauser, Matthias and Niesenhaus, Joerg},
 title = {Measuring the Impact of Game Controllers on Player Experience in FPS Games},
 booktitle = {Proceedings of the 15th International Academic MindTrek Conference: Envisioning Future Media Environments},
 series = {MindTrek '11},
 year = {2011},
 isbn = {978-1-4503-0816-8},
 location = {Tampere, Finland},
 pages = {83--86},
 numpages = {4},
 url = {http://doi.acm.org.ezproxy.falmouth.ac.uk/10.1145/2181037.2181052},
 doi = {10.1145/2181037.2181052},
 acmid = {2181052},
 publisher = {ACM},
 address = {New York, NY, USA},
 keywords = {first person shooter, game controls, multi-platform development, player engagement, player experience, usability, user experience},
}
@INPROCEEDINGS{Bouzid, 
 author={Y. Bouzid and M. A. Khenissi and M. Jemni}, 
 booktitle={2015 5th International Conference on Information Communication Technology and Accessibility (ICTA)}, 
 title={Designing a game generator as an educational technology for the deaf learners}, 
 year={2015}, 
 pages={1-6}
} 
@INPROCEEDINGS{Sega, 
 author={Sega}, 
 booktitle={Sega, Moto-Cross}, 
 title={Moto-Cross}, 
 year={2017}, 
 
}
@inproceedings{dailymail,
author = {Mollard, Angela},
title = {Poor taste of Doom},
publisher = {Daily Mail},
address = {London, England},
year = {1995}
}

@inproceedings{Zendle:2015:HGF:2793107.2793113,
 author = {Zendle, David and Cairns, Paul and Kudenko, Daniel},
 title = {Higher Graphical Fidelity Decreases Players' Access to Aggressive Concepts in Violent Video Games},
 booktitle = {Proceedings of the 2015 Annual Symposium on Computer-Human Interaction in Play},
 series = {CHI PLAY '15},
 year = {2015},
 isbn = {978-1-4503-3466-2},
 location = {London, United Kingdom},
 pages = {241--251},
 numpages = {11},
 url = {http://doi.acm.org.ezproxy.falmouth.ac.uk/10.1145/2793107.2793113},
 doi = {10.1145/2793107.2793113},
 acmid = {2793113},
 publisher = {ACM},
 address = {New York, NY, USA},
 keywords = {gam, games, graphical fidelity, narrative content, video game effects, violent video games},
} 

@inproceedings{bbc1,
author = {BBC},
title = {Columbine families sue computer game makers},
publisher = {BBC},
year = {2001}
}

@inproceedings{bbc2,
author ={Nick Wadhams},
title = {Columbine lawsuit over video games dismissed},
publisher = {Wayback Machine},
year = {1999}
}

@article{Chakraborty:2015:PPV:2717114.2692813,
 author = {Chakraborty, Joyram and Chakraborty, Nirali M.},
 title = {Public Policy and Violence in Video Games},
 journal = {interactions},
 issue_date = {January + February 2015},
 volume = {22},
 number = {1},
 month = jan,
 year = {2015},
 issn = {1072-5520},
 pages = {64--67},
 numpages = {4},
 url = {http://doi.acm.org.ezproxy.falmouth.ac.uk/10.1145/2692813},
 doi = {10.1145/2692813},
 acmid = {2692813},
 publisher = {ACM},
 address = {New York, NY, USA},
} 